@online{definicion,
    author = "Wikipedia",
    title = "Memoria (informática)",
    url = "https://es.wikipedia.org/wiki/Memoria_(inform%C3%A1tica)#:~:text=En%20inform%C3%A1tica%2C%20la%20memoria%20es,almacenamiento%20de%20informaci%C3%B3n%20y%20conocimiento.",
    addendum = "(accessed: 05.09.2020)",
    keywords = "definicion"
}

@online{tipos-memoria,
    author = "Guillermo Venturini",
    title = "Tipos de memorias de una computadora",
    url = "https://www.tecnologia-informatica.com/tipos-memorias-computadora/",
    addendum = "(accessed: 05.09.2020)",
    keywords = "tipos"
}

@online{tipos-memoria,
    author = "Guillermo Venturini",
    title = "Tipos de memorias de una computadora",
    url = "https://www.tecnologia-informatica.com/tipos-memorias-computadora/",
    addendum = "(accessed: 05.09.2020)",
    keywords = "tipos"
}

@online{tecnología-informática,
    author = "Graciela Marker",
    title = "La memoria de la computadora",
    url  = "https://www.tecnologia-informatica.com/memoria-computadora/",
    addendum = "(accessed: 04.09.2020)",
    keywords = "memoria"
}

@inbook{knuth-fa,
    author = "Donald E. Knuth",
    title = "Fundamental Algorithms",
    publisher = "Addison-Wesley",
    year = "1973",
    chapter = "1.2",
    keywords  = "knuth,programming"
}